@article{rabin1980probabilistic,
  title={Probabilistic algorithm for testing primality},
  author={Rabin, Michael O},
  journal={Journal of number theory},
  volume={12},
  number={1},
  pages={128--138},
  year={1980},
  publisher={Elsevier}
}
@article{lenstra2019primality,
  title={Primality testing with Gaussian periods},
  author={Lenstra Jr, Hendrik W and Pomerance, Carl B},
  journal={Journal of the European Mathematical Society},
  volume={21},
  number={4},
  pages={1229--1269},
  year={2019}
}
@book{wiki-miller-rabin,
	publisher = {Wikipedia},
	title = {Millerâ€“Rabin primality test},
	url = {en.wikipedia.org/wiki/Miller-Rabin_primality_test},
	addendum = "Accessed 17.04.2022"}
}